<?xml version="1.0" encoding="UTF-8"?><collection xmlns="http://www.loc.gov/MARC21/slim"><record><leader>00566nam--2200193-i-4500</leader><controlfield tag="001">000046104</controlfield><controlfield tag="002">20161230</controlfield><controlfield tag="005">20161230201045</controlfield><controlfield tag="008">060222s1000------------r-----000-0-eng-d</controlfield><datafield ind1=" " ind2=" " tag="020"><subfield code="a">0471526401</subfield></datafield><datafield ind1=" " ind2=" " tag="040"><subfield code="a">IFIN-HH</subfield></datafield><datafield ind1=" " ind2=" " tag="080"><subfield code="a">539.14:539.18:512</subfield></datafield><datafield ind1="1" ind2=" " tag="100"><subfield code="a">Frank, Alejandro</subfield></datafield><datafield ind1="1" ind2="0" tag="245"><subfield code="a">Algebraic methods in molecular and nuclear structure physics</subfield><subfield code="c">Alejandro frank, pieter van isacker</subfield></datafield><datafield ind1=" " ind2=" " tag="260"><subfield code="a">New York</subfield><subfield code="b">John Wiley And Sons, Inc</subfield><subfield code="c">1994</subfield></datafield><datafield ind1=" " ind2=" " tag="300"><subfield code="a">XII+488P</subfield></datafield><datafield ind1="1" ind2=" " tag="700"><subfield code="a">Pieter Van Isacker</subfield></datafield><datafield ind1=" " ind2=" " tag="852"><subfield code="a">80311</subfield><subfield code="c">539.14</subfield></datafield><datafield ind1=" " ind2=" " tag="CAT"><subfield code="a">Sys</subfield><subfield code="c">20120417</subfield><subfield code="h">092054</subfield></datafield></record></collection>